@article{Wills1994,
    Author = {Wills, Matthew A. and Briggs, Derek E. G. and Fortey, Richard A.},
    Cr = {Copyright \copyright  1994 Paleontological Society},
    Date = {1994/04/01},
    Date-Added = {2014-08-25 13:32:46 +0000},
    Date-Modified = {2014-08-25 13:32:46 +0000},
    Doi = {10.2307/2401014},
    Isbn = {00948373},
    Journal = {Paleobiology},
    M1 = {ArticleType: research-article / Full publication date: Spring, 1994 / Copyright {\copyright}1994 Paleontological Society},
    Month = {04},
    Number = {2},
    Pages = {93--130},
    Publisher = {Paleontological Society},
    Title = {Disparity as an Evolutionary Index: A Comparison of Cambrian and Recent Arthropods},
    Ty = {JOUR},
    Url = {http://www.jstor.org/stable/2401014},
    Volume = {20},
    Year = {1994},
    Bdsk-Url-1 = {http://www.jstor.org/stable/2401014},
    Bdsk-Url-2 = {http://dx.doi.org/10.2307/2401014}
}

@article {Butler2012,
author = {Butler, Richard J. and Brusatte, Stephen L. and Andres, Brian and Benson, Roger B. J.},
Title = {How Do Geological Sampling Biases Affect Studies Of Morphological Evolution In Deep Time? A Case Study Of Pterosaur (Reptilia: Archosauria) Disparity},
journal = {Evolution},
volume = {66},
number = {1},
publisher = {Blackwell Publishing Inc},
issn = {1558-5646},
url = {http://dx.doi.org/10.1111/j.1558-5646.2011.01415.x},
doi = {10.1111/j.1558-5646.2011.01415.x},
pages = {147--162},
keywords = {Disparity, diversity, missing data, Pterosauria, sampling biases},
year = {2012},
}
